@book{weinberg2008cosmology,
  author    = {Steven Weinberg},
  title     = {Cosmology},
  year      = {2008},
  publisher = {Oxford University Press},
}

@article{planck2018results,
  author    = {Planck Collaboration},
  title     = {Planck 2018 results. VI. Cosmological parameters},
  journal   = {Astronomy \& Astrophysics},
  volume    = {641},
  pages     = {A6},
  year      = {2020},
  doi       = {10.1051/0004-6361/201833910},
}

@book{dodelson,
  author    = {Scott Dodelson and Fabian Schmidt},
  title     = {Modern Cosmology},
  edition   = {2nd},
  year      = {2020},
  publisher = {Academic Press},
  isbn      = {978-0128159484},
}

@article{HuWhite,
   title={CMB anisotropies: Total angular momentum method},
   volume={56},
   ISSN={1089-4918},
   url={http://dx.doi.org/10.1103/PhysRevD.56.596},
   DOI={10.1103/physrevd.56.596},
   number={2},
   journal={Physical Review D},
   publisher={American Physical Society (APS)},
   author={Hu, Wayne and White, Martin},
   year={1997},
   month=jul, pages={596–615} }

@article{COBE1996,
  title={The Cosmic Microwave Background Spectrum from the Full COBE FIRAS Data Set},
  author={Fixsen, D. J. and Cheng, E. S. and Gales, J. M. and Mather, J. C. and Shafer, R. A. and Wright, E. L.},
  journal={The Astrophysical Journal},
  volume={473},
  pages={576--587},
  year={1996},
  doi={10.1086/178173}
}

@article{Chluba_Green,
   title={Green’s function of the cosmological thermalization problem},
   volume={434},
   ISSN={1365-2966},
   url={http://dx.doi.org/10.1093/mnras/stt1025},
   DOI={10.1093/mnras/stt1025},
   number={1},
   journal={Monthly Notices of the Royal Astronomical Society},
   publisher={Oxford University Press (OUP)},
   author={Chluba, J.},
   year={2013},
   month=jun, pages={352–357} }

@article{Lucca_2020,
  title={The synergy between CMB spectral distortions and anisotropies},
  volume={2020},
  ISSN={1475-7516},
  url={http://dx.doi.org/10.1088/1475-7516/2020/02/026},
  DOI={10.1088/1475-7516/2020/02/026},
  number={02},
  journal={Journal of Cosmology and Astroparticle Physics},
  publisher={IOP Publishing},
  author={Lucca, Matteo and Schöneberg, Nils and Hooper, Deanna C. and Lesgourgues, Julien and Chluba, Jens},
  year={2020},
  month=feb, pages={026–026} }

@ARTICLE{Zeldovich1972,
    author = {{Zeldovich}, Y.~B. and {Illarionov}, A.~F. and {Syunyaev}, R.~A.},
    title = "{Influence of Energy Release on the Radiation Spectrum in the Hot Model of the Universe}",
    journal = {Zhurnal Eksperimentalnoi i Teoreticheskoi Fiziki},
    keywords = {Cosmology, Cosmic Microwave Background Radiation, Intergalactic Gas},
      year = 1972,
      month = jan,
    volume = {68},
    pages = {1217},
    adsurl = {https://ui.adsabs.harvard.edu/abs/1972ZhETF..62.1217Z},
  adsnote = {Provided by the SAO/NASA Astrophysics Data System}
}

@article{MixingBB,
   title={Mixing of blackbodies: entropy production and dissipation of sound waves in the early Universe},
   volume={543},
   ISSN={1432-0746},
   url={http://dx.doi.org/10.1051/0004-6361/201219590},
   DOI={10.1051/0004-6361/201219590},
   journal={Astronomy amp; Astrophysics},
   publisher={EDP Sciences},
   author={Khatri, R. and Sunyaev, R. A. and Chluba, J.},
   year={2012},
   month=jul, pages={A136} 
   }

@ARTICLE{1929PNAS...15..168H,
       author = {{Hubble}, Edwin},
        title = "{A Relation between Distance and Radial Velocity among Extra-Galactic Nebulae}",
      journal = {Proceedings of the National Academy of Science},
         year = 1929,
        month = mar,
       volume = {15},
       number = {3},
        pages = {168-173},
          doi = {10.1073/pnas.15.3.168},
       adsurl = {https://ui.adsabs.harvard.edu/abs/1929PNAS...15..168H},
      adsnote = {Provided by the SAO/NASA Astrophysics Data System}
}

@article{10.1093/mnras/226.3.655,
    author = {Bond, J. R. and Efstathiou, G.},
    title = {The statistics of cosmic background radiation fluctuations},
    journal = {Monthly Notices of the Royal Astronomical Society},
    volume = {226},
    number = {3},
    pages = {655-687},
    year = {1987},
    month = {06},
    abstract = {We present computations of the radiation correlation functions and angular power spectra for microwave background anisotropies expected in Ω = 1 cold dark matter dominated universes with scale-invariant adiabatic or isocurvature initial conditions. The results are valid on all angular scales. We describe the statistical properties of the radiation pattern and develop the theory of two-dimensional Gaussian random fields. A large number of properties of such fields may be derived analytically or semi-analytically, such as the number densities of hotspots and coldspots, the eccentricities of peaks and peak correlation properties. The formulae presented here provide valuable insight into the textural characteristics of the microwave background anisotropies and must be satisfied if the primordial fluctuations are Gaussian. The assumption of Gaussian initial conditions allow us to make highly specific predictions for the pattern of the temperature anisotropies. This is demonstrated by the construction of maps of the fluctuations predicted for the total intensity and the polarization.},
    issn = {0035-8711},
    doi = {10.1093/mnras/226.3.655},
    url = {https://doi.org/10.1093/mnras/226.3.655},
    eprint = {https://academic.oup.com/mnras/article-pdf/226/3/655/3475547/mnras226-0655.pdf},
}

@article{Chluba_tens_diss,
   title={Spectral distortions from the dissipation of tensor perturbations},
   volume={446},
   ISSN={0035-8711},
   url={http://dx.doi.org/10.1093/mnras/stu2277},
   DOI={10.1093/mnras/stu2277},
   number={3},
   journal={Monthly Notices of the Royal Astronomical Society},
   publisher={Oxford University Press (OUP)},
   author={Chluba, Jens and Dai, Liang and Grin, Daniel and A. Amin, Mustafa and Kamionkowski, Marc},
   year={2014},
   month=nov, pages={2871–2886} }

@misc{chlubafuturestepscosmologyusing,
      title={Future Steps in Cosmology using Spectral Distortions of the Cosmic Microwave Background}, 
      author={Jens Chluba},
      year={2018},
      eprint={1806.02915},
      archivePrefix={arXiv},
      primaryClass={astro-ph.CO},
      url={https://arxiv.org/abs/1806.02915}, 
}

@article{Chluba_2x2,
   title={CMB at 2 × 2 order: the dissipation of primordial acoustic waves and the observable part of the associated energy release: Acoustic damping},
   volume={425},
   ISSN={0035-8711},
   url={http://dx.doi.org/10.1111/j.1365-2966.2012.21474.x},
   DOI={10.1111/j.1365-2966.2012.21474.x},
   number={2},
   journal={Monthly Notices of the Royal Astronomical Society},
   publisher={Oxford University Press (OUP)},
   author={Chluba, J. and Khatri, R. and Sunyaev, R. A.},
   year={2012},
   month=aug, pages={1129–1169} }

@article{NANOGrav,
   title={The NANOGrav 15 yr Data Set: Evidence for a Gravitational-wave Background},
   volume={951},
   ISSN={2041-8213},
   url={http://dx.doi.org/10.3847/2041-8213/acdac6},
   DOI={10.3847/2041-8213/acdac6},
   number={1},
   journal={The Astrophysical Journal Letters},
   publisher={American Astronomical Society},
   author={Agazie, Gabriella and Anumarlapudi, Akash and Archibald, Anne M. and Arzoumanian, Zaven and Baker, Paul T. and Bécsy, Bence and Blecha, Laura and Brazier, Adam and Brook, Paul R. and Burke-Spolaor, Sarah and Burnette, Rand and Case, Robin and Charisi, Maria and Chatterjee, Shami and Chatziioannou, Katerina and Cheeseboro, Belinda D. and Chen, Siyuan and Cohen, Tyler and Cordes, James M. and Cornish, Neil J. and Crawford, Fronefield and Cromartie, H. Thankful and Crowter, Kathryn and Cutler, Curt J. and DeCesar, Megan E. and DeGan, Dallas and Demorest, Paul B. and Deng, Heling and Dolch, Timothy and Drachler, Brendan and Ellis, Justin A. and Ferrara, Elizabeth C. and Fiore, William and Fonseca, Emmanuel and Freedman, Gabriel E. and Garver-Daniels, Nate and Gentile, Peter A. and Gersbach, Kyle A. and Glaser, Joseph and Good, Deborah C. and Gültekin, Kayhan and Hazboun, Jeffrey S. and Hourihane, Sophie and Islo, Kristina and Jennings, Ross J. and Johnson, Aaron D. and Jones, Megan L. and Kaiser, Andrew R. and Kaplan, David L. and Kelley, Luke Zoltan and Kerr, Matthew and Key, Joey S. and Klein, Tonia C. and Laal, Nima and Lam, Michael T. and Lamb, William G. and W. Lazio, T. Joseph and Lewandowska, Natalia and Littenberg, Tyson B. and Liu, Tingting and Lommen, Andrea and Lorimer, Duncan R. and Luo, Jing and Lynch, Ryan S. and Ma, Chung-Pei and Madison, Dustin R. and Mattson, Margaret A. and McEwen, Alexander and McKee, James W. and McLaughlin, Maura A. and McMann, Natasha and Meyers, Bradley W. and Meyers, Patrick M. and Mingarelli, Chiara M. F. and Mitridate, Andrea and Natarajan, Priyamvada and Ng, Cherry and Nice, David J. and Ocker, Stella Koch and Olum, Ken D. and Pennucci, Timothy T. and Perera, Benetge B. P. and Petrov, Polina and Pol, Nihan S. and Radovan, Henri A. and Ransom, Scott M. and Ray, Paul S. and Romano, Joseph D. and Sardesai, Shashwat C. and Schmiedekamp, Ann and Schmiedekamp, Carl and Schmitz, Kai and Schult, Levi and Shapiro-Albert, Brent J. and Siemens, Xavier and Simon, Joseph and Siwek, Magdalena S. and Stairs, Ingrid H. and Stinebring, Daniel R. and Stovall, Kevin and Sun, Jerry P. and Susobhanan, Abhimanyu and Swiggum, Joseph K. and Taylor, Jacob and Taylor, Stephen R. and Turner, Jacob E. and Unal, Caner and Vallisneri, Michele and van Haasteren, Rutger and Vigeland, Sarah J. and Wahl, Haley M. and Wang, Qiaohong and Witt, Caitlin A. and Young, Olivia},
   year={2023},
   month=jun, pages={L8} }

@article{Weinberg_nu_dump,
   title={Damping of tensor modes in cosmology},
   volume={69},
   ISSN={1550-2368},
   url={http://dx.doi.org/10.1103/PhysRevD.69.023503},
   DOI={10.1103/physrevd.69.023503},
   number={2},
   journal={Physical Review D},
   publisher={American Physical Society (APS)},
   author={Weinberg, Steven},
   year={2004},
   month=jan }

@article{Dicus_Repko,
    author = "Dicus, Duane A. and Repko, Wayne W.",
    title = "{Comment on damping of tensor modes in cosmology}",
    eprint = "astro-ph/0509096",
    archivePrefix = "arXiv",
    doi = "10.1103/PhysRevD.72.088302",
    journal = "Phys. Rev. D",
    volume = "72",
    pages = "088302",
    year = "2005"
}
@article{Paoletti_2009,
   title={The scalar, vector and tensor contributions of a stochastic background of magnetic fields to cosmic microwave background anisotropies},
   volume={396},
   ISSN={1365-2966},
   url={http://dx.doi.org/10.1111/j.1365-2966.2009.14727.x},
   DOI={10.1111/j.1365-2966.2009.14727.x},
   number={1},
   journal={Monthly Notices of the Royal Astronomical Society},
   publisher={Oxford University Press (OUP)},
   author={Paoletti, D. and Finelli, F. and Paci, F.},
   year={2009},
   month=jun, pages={523–534} }

@book{Birrell:1982ix,
    author = "Birrell, N. D. and Davies, P. C. W.",
    title = "{Quantum Fields in Curved Space}",
    doi = "10.1017/CBO9780511622632",
    isbn = "978-0-511-62263-2, 978-0-521-27858-4",
    publisher = "Cambridge University Press",
    address = "Cambridge, UK",
    series = "Cambridge Monographs on Mathematical Physics",
    year = "1982"
}

@article{Danese_82,
  author  = {Danese, L. and de Zotti, G.},
  title   = {Double Compton process and the spectrum of the microwave background},
  journal = {Astronomy \& Astrophysics},
  year    = {1982},
  month   = mar,
  volume  = {107},
  number  = {1},
  pages   = {39--42}
}

@article{CLASS,
   title={The Cosmic Linear Anisotropy Solving System (CLASS).
 Part II: Approximation schemes},
   volume={2011},
   ISSN={1475-7516},
   url={http://dx.doi.org/10.1088/1475-7516/2011/07/034},
   DOI={10.1088/1475-7516/2011/07/034},
   number={07},
   journal={Journal of Cosmology and Astroparticle Physics},
   publisher={IOP Publishing},
   author={Diego Blas and Julien Lesgourgues and Thomas Tram},
   year={2011},
   month=jul, pages={034–034} }

@article{Watanabe_2006,
   title={Improved calculation of the primordial gravitational wave spectrum in the standard model},
   volume={73},
   ISSN={1550-2368},
   url={http://dx.doi.org/10.1103/PhysRevD.73.123515},
   DOI={10.1103/physrevd.73.123515},
   number={12},
   journal={Physical Review D},
   publisher={American Physical Society (APS)},
   author={Watanabe, Yuki and Komatsu, Eiichiro},
   year={2006},
   month=jun }

@article{Hamann_2022,
   title={Constraining primordial tensor features with the anisotropies of the cosmic microwave background},
   volume={2022},
   ISSN={1475-7516},
   url={http://dx.doi.org/10.1088/1475-7516/2022/12/015},
   DOI={10.1088/1475-7516/2022/12/015},
   number={12},
   journal={Journal of Cosmology and Astroparticle Physics},
   publisher={IOP Publishing},
   author={Hamann, Jan and Malhotra, Ameek},
   year={2022},
   month=dec, pages={015} }




